@misc{2212.12086,
	url = {http://arxiv.org/abs/2212.12086v2},
	archivePrefix = {arXiv},
	eprint = {2212.12086},
	year = 2022,
	month = {dec},
	author = {Jack W. Miller and Charles O'Neill and Navid C. Constantinou and Omri Azencot},
	title = {Eigenvalue initialisation and regularisation for Koopman autoencoders}
}

@incollection{10.1515_9783110671490-007,
	doi = {10.1515/9783110671490-007},
	url = {https://doi.org/10.1515/9783110671490-007},
	year = 2020,
	month = {dec},
	publisher = {De Gruyter},
	pages = {307--344},
	title = {7 Data-driven methods for reduced-order modeling},
	booktitle = {Snapshot-Based Methods and Algorithms}
}

@article{10.1146_annurev.fl.25.010193.002543,
	doi = {10.1146/annurev.fl.25.010193.002543},
	url = {https://doi.org/10.1146/annurev.fl.25.010193.002543},
	year = 1993,
	month = {jan},
	publisher = {Annual Reviews},
	volume = {25},
	number = {1},
	pages = {539--575},
	author = {G Berkooz and P Holmes and J L Lumley},
	title = {The Proper Orthogonal Decomposition in the Analysis of Turbulent Flows},
	journal = {Annual Review of Fluid Mechanics}
}

@masterthesis{kerl2022geoid,
  title={Geoid Inversion For Mantle Viscosity With Convolutional Neural Networks},
  author={Kerl, Jacob},
  year={2022}
}

@misc{2108.10105,
	doi = {10.1103/PhysRevFluids.6.113801},
	url = {http://arxiv.org/abs/2108.10105v2},
	archivePrefix = {arXiv},
	eprint = {2108.10105},
	year = 2021,
	month = {aug},
	author = {Siddhant Agarwal and Nicola Tosi and Pan Kessel and Doris Breuer and (**) Gr goire Montavon},
	title = {Deep learning for surrogate modelling of 2D mantle convection},
	journal = {Physical Review Fluids, vol. 6, no. 11, 2021}
}
@misc{1506.04214,
	url = {http://arxiv.org/abs/1506.04214v2},
	archivePrefix = {arXiv},
	eprint = {1506.04214},
	year = 2015,
	month = {jun},
	author = {Xingjian Shi and Zhourong Chen and Hao Wang and Dit-Yan Yeung and Wai-kin Wong and Wang-chun Woo},
	title = {Convolutional LSTM Network: A Machine Learning Approach for Precipitation Nowcasting}
}
@article{10.1016_j.pepi.2016.05.016,
	doi = {10.1016/j.pepi.2016.05.016},
	url = {https://doi.org/10.1016/j.pepi.2016.05.016},
	year = 2016,
	month = {aug},
	publisher = {Elsevier {BV}},
	volume = {257},
	pages = {171--186},
	author = {Suzanne Atkins and Andrew P. Valentine and Paul J. Tackley and Jeannot Trampert},
	title = {Using pattern recognition to infer parameters governing mantle convection},
	journal = {Physics of the Earth and Planetary Interiors}
}
@article{10.1093_gji_ggaa234,
	doi = {10.1093/gji/ggaa234},
	url = {https://doi.org/10.1093/gji/ggaa234},
	year = 2020,
	month = {may},
	publisher = {Oxford University Press ({OUP})},
	volume = {222},
	number = {3},
	pages = {1656--1670},
	author = {S Agarwal and N Tosi and D Breuer and S Padovan and P Kessel and G Montavon},
	title = {A machine-learning-based surrogate model of Mars' thermal evolution},
	journal = {Geophysical Journal International}
}
@incollection{10.1016_b978-0-08-102908-4.00111-9,
	doi = {10.1016/b978-0-08-102908-4.00111-9},
	url = {https://doi.org/10.1016/b978-0-08-102908-4.00111-9},
	year = 2021,
	publisher = {Elsevier},
	pages = {841--855},
	author = {Gabriele Morra and David A. Yuen and Henry M. Tufo and Matthew G. Knepley},
	title = {Fresh Outlook on Numerical Methods for Geodynamics. Part 2: Big Data, {HPC}, Education},
	booktitle = {Encyclopedia of Geology}
}
@article{10.1561_2200000056,
	doi = {10.1561/2200000056},
	url = {https://doi.org/10.1561/2200000056},
	year = 2019,
	publisher = {Now Publishers},
	volume = {12},
	number = {4},
	pages = {307--392},
	author = {Diederik P. Kingma and Max Welling},
	title = {An Introduction to Variational Autoencoders},
	journal = {Foundations and Trends{\textregistered} in Machine Learning}
}
@article{10.1103_physrevfluids.6.113801,
	doi = {10.1103/physrevfluids.6.113801},
	url = {https://doi.org/10.1103/physrevfluids.6.113801},
	year = 2021,
	month = {nov},
	publisher = {American Physical Society ({APS})},
	volume = {6},
	number = {11},
	author = {Siddhant Agarwal and Nicola Tosi and Pan Kessel and Doris Breuer and Gr{\'{e}}goire Montavon},
	title = {Deep learning for surrogate modeling of two-dimensional mantle convection},
	journal = {Physical Review Fluids}
}
@article{10.1117_1.2819119,
	doi = {10.1117/1.2819119},
	url = {https://doi.org/10.1117/1.2819119},
	year = 2007,
	month = {jan},
	publisher = {{SPIE}-Intl Soc Optical Eng},
	volume = {16},
	number = {4},
	pages = {049901},
	title = {Pattern Recognition and Machine Learning},
	journal = {Journal of Electronic Imaging}
}
@incollection{10.1007_978-3-642-35289-8_5,
	doi = {10.1007/978-3-642-35289-8_5},
	url = {https://doi.org/10.1007/978-3-642-35289-8_5},
	year = 2012,
	publisher = {Springer Berlin Heidelberg},
	pages = {53--67},
	author = {Lutz Prechelt},
	title = {Early Stopping {\textemdash} But When?},
	booktitle = {Lecture Notes in Computer Science}
}
@article{10.1146_annurev-fluid-010719-060214,
	doi = {10.1146/annurev-fluid-010719-060214},
	url = {https://doi.org/10.1146/annurev-fluid-010719-060214},
	year = 2020,
	month = {jan},
	publisher = {Annual Reviews},
	volume = {52},
	number = {1},
	pages = {477--508},
	author = {Steven L. Brunton and Bernd R. Noack and Petros Koumoutsakos},
	title = {Machine Learning for Fluid Mechanics},
	journal = {Annual Review of Fluid Mechanics}
}
@incollection{10.1007_978-3-642-21735-7_7,
	doi = {10.1007/978-3-642-21735-7_7},
	url = {https://doi.org/10.1007/978-3-642-21735-7_7},
	year = 2011,
	publisher = {Springer Berlin Heidelberg},
	pages = {52--59},
	author = {Jonathan Masci and Ueli Meier and Dan Cire{\c{s}}an and JÃ¼rgen Schmidhuber},
	title = {Stacked Convolutional Auto-Encoders for Hierarchical Feature Extraction},
	booktitle = {Lecture Notes in Computer Science}
}
@article{10.1038_s43588-022-00264-7,
	doi = {10.1038/s43588-022-00264-7},
	url = {https://doi.org/10.1038/s43588-022-00264-7},
	year = 2022,
	month = {jun},
	publisher = {Springer Science and Business Media {LLC}},
	volume = {2},
	number = {6},
	pages = {358--366},
	author = {Ricardo Vinuesa and Steven L. Brunton},
	title = {Enhancing computational fluid dynamics with machine learning},
	journal = {Nature Computational Science}
}


@article{10.1038_299104a0,
	doi = {10.1038/299104a0},
	url = {https://doi.org/10.1038/299104a0},
	year = 1982,
	month = {sep},
	publisher = {Springer Science and Business Media {LLC}},
	volume = {299},
	number = {5879},
	pages = {104--105},
	author = {Bradford H. Hager},
	title = {The geoid and geodynamics},
	journal = {Nature}
}
@article{10.1029_jb089ib07p05987,
	doi = {10.1029/jb089ib07p05987},
	url = {https://doi.org/10.1029/jb089ib07p05987},
	year = 1984,
	month = {jul},
	publisher = {American Geophysical Union ({AGU})},
	volume = {89},
	number = {B7},
	pages = {5987--6002},
	author = {Mark A. Richards and Bradford H. Hager},
	title = {Geoid anomalies in a dynamic Earth},
	journal = {Journal of Geophysical Research: Solid Earth}
}
@article{10.1098_rsta.1989.0038,
	doi = {10.1098/rsta.1989.0038},
	url = {https://doi.org/10.1098/rsta.1989.0038},
	year = 1989,
	month = {jul},
	publisher = {The Royal Society},
	volume = {328},
	number = {1599},
	pages = {309--327},
	title = {Long-wavelength variations in Earth's geoid: physical models and dynamical implications},
	journal = {Philosophical Transactions of the Royal Society of London. Series A, Mathematical and Physical Sciences}
}